@article{schadd2011best,
  title={Best reply search for multiplayer games},
  author={Schadd, Maarten PD and Winands, Mark HM},
  journal={IEEE Transactions on Computational Intelligence and AI in Games},
  volume={3},
  number={1},
  pages={57--66},
  year={2011},
  publisher={IEEE}
}
